@misc{rjin,
	author = {Jin, Rong},
	howpublished = {California State University, Fullerton},
	note = {\url{https://www.fullerton.edu/ecs/cs/faculty/}}
}

@misc{avery,
	author = {Avery, Kenytt},
	howpublished = {California State University, Fullerton},
	note = {\url{https://www.fullerton.edu/ecs/cs/faculty/}}
}

@misc{cryu,
	author = {Ryu, Christopher},
	howpublished = {California State University, Fullerton},
	note = {\url{https://www.fullerton.edu/ecs/cs/faculty/}}
}

@misc{scdatasplit,
	author = {scikit learn},
	title = {train\_test\_split},
	note = {\url{https://scikit-learn.org/stable/modules/generated/sklearn.model_selection.train_test_split.html}}
}

@misc{yfin,
	author = {Yahoo! Finance},
	title = {yfinance},
	note = {\url{https://pypi.org/project/yfinance/}}
}

@misc{metha,
	author = {Matthew Do},
	howpublished = {"Method A"},
	note = {Methodology Developed Primarily by Matthew Do}
}

@misc{methb,
	author = {Ryan Avancena},
	howpublished = {"Method B"},
	note = {Methodology Developed Primarily by Ryan Avancena}
}

@misc{w2v,
	author = {Open Source},
	title = {word2vec},
	note = {\url{https://www.tensorflow.org/text/tutorials/word2vec}}
}

@misc{bert,
	author = {Google Research Developers},
	title = {bert},
	note = {\url{https://github.com/google-research/bert}}
}

@misc{colab,
	author = {Google Developers},
	howpublished = {"Google Colab"},
	note = {\url{https://colab.research.google.com/}}
}

@misc{gensim,
	author = {Open Source},
	howpublished = {"Gensim Embeddings"},
	note = {\url{https://radimrehurek.com/gensim/models/word2vec.html}}
}

@misc{skmlp,
	author = {scikit learn},
	howpublished = {"MLPClassifier"},
	note = {\url{https://scikit-learn.org/dev/modules/generated/sklearn.neural_network.MLPClassifier.html}}
}

@misc{nltk,
	author = {NLTK Team},
	howpublished = {"NLTK"},
	note = {\url{https://www.nltk.org/}}
}

@misc{tssplit,
	author = {scikit learn},
	howpublished = {"TimeSeriesSplit"},
	note = {\url{https://scikit-learn.org/stable/modules/generated/sklearn.model_selection.TimeSeriesSplit.html}}
}

@misc{snow,
	author = {ServiceNow},
	note = {\url{https://www.google.com/finance/quote/NOW:NYSE?hl=en}}
}





